
@article{m1,
  author={鈴木小次郎},
  title={外星人對地球之生存研究},
  journal={太陽系大學 平行宇宙研究所},
  year={11314},
  month={12},
}

@article{chu,
  author={S. {Chu} and Y. {Lee} and C. {Hsieh} and J. {Yen} and Y. {Huang}},
  booktitle={2019 International SoC Design Conference (ISOCC)}, 
  title={Stochastic Circuit Design of Image Contrast Stretching}, 
  year={2019},
  volume={},
  number={},
  pages={81-82},
}

@article{liu,
  author={B. {Liu} and V. {Pham} and N. {Nguyen}},
  booktitle={2015 International Conference on Intelligent Information Hiding and Multimedia Signal Processing (IIH-MSP)}, 
  title={A Virtual Backbone Construction Heuristic for Maximizing the Lifetime of Dual-Radio Wireless Sensor Networks}, 
  year={2015},
  volume={},
  number={},
  pages={64-67}
}

@misc{ec,
  Title={Department of Electronic Engineering{,}NKUST},
  year={2020},
  note={\url{http://www.ec.nkust.edu.tw/}}
}

@misc{logo,
  Title={高雄科技大學形象識別系統},
  year={2020},
  note={\url{https://www.nkust.edu.tw/p/412-1000-3248.php}}
}

@misc{taiwan_symbol,
  Title={台灣正體中文維基百科 File:Taiwan symbol.png},
  year={2008},
  note={\url{https://zh.wikipedia.org/zh-tw/File:Taiwan_symbol.png}}
}

@misc{nkust_jpg,
  Title={台灣正體中文維基百科 File:Jaingong Campus, NKUST.jpg},
  year={2018},
  note={\url{https://commons.wikimedia.org/wiki/File:Jaingong_Campus,_NKUST.jpg}}
}

@article{hsieh,
  author={C. {Hsieh} and T. {Tsai} and C. {Lai} and T. {Shan}},
  booktitle={2008 International Conference on Intelligent Information Hiding and Multimedia Signal Processing}, 
  title={A Novel Efficient VLSI Architecture of 2-D Discrete Wavelet Transform}, 
  year={2008},
  volume={},
  number={},
  pages={647-650},
}

@misc{latex_basic,
  Title={Latex學習--基礎知識},
  year={2020},
  note={\url{https://www.cnblogs.com/cmi-sh-love/p/latex-xue-xiji-chu-zhi-shi.html}}
}

@misc{latex_fbox,
  Title={Latex技巧-玩轉fbox},
  year={2020},
  note={\url{https://www.latexstudio.net/archives/51609.html}}
}

@misc{docker_texlive,
  Title={TexLive docker image},
  note={\url{https://hub.docker.com/r/texlive/texlive/}}
}

@misc{ghostscript,
  Title={ghostscript},
  note={\url{https://www.ghostscript.com/}}
}

@misc{github-repo,
  Title={NKUST latex template},
  note={\url{https://github.com/yuhao-kuo/NKUST-thesis-template}}
}

@misc{win_docker,
  Title={Install Docker Desktop on Windows},
  note={\url{https://docs.docker.com/desktop/windows/install/}}
}

@misc{linux_docker,
  Title={Install Docker Engine on Ubuntu},
  year={2022},
  note={\url{https://docs.docker.com/engine/install/ubuntu/}}
}

@misc{mac_docker,
  Title={Install Docker Desktop on Mac},
  year={2022},
  note={\url{https://docs.docker.com/desktop/mac/install/}}
}
